@article{schelling1973hockey,
  title={Hockey helmets, concealed weapons, and daylight saving: A study of binary choices with externalities},
  author={Schelling, Thomas C},
  journal={Journal of Conflict resolution},
  volume={17},
  number={3},
  pages={381--428},
  year={1973},
  publisher={Sage Publications Sage CA: Thousand Oaks, CA}
}