@misc{lin2014networknetwork,
      title={Network In Network}, 
      author={Min Lin and Qiang Chen and Shuicheng Yan},
      year={2014},
      eprint={1312.4400},
      archivePrefix={arXiv},
      primaryClass={cs.NE},
      url={https://arxiv.org/abs/1312.4400}, 
}