@inproceedings{salakhutdinov2012one,
  title={One-shot learning with a hierarchical nonparametric bayesian model},
  author={Salakhutdinov, Ruslan and Tenenbaum, Joshua and Torralba, Antonio},
  booktitle={Proceedings of ICML Workshop on Unsupervised and Transfer Learning},
  pages={195--206},
  year={2012},
  organization={JMLR Workshop and Conference Proceedings}
}