@article{battaglia2013simulation,
  title={Simulation as an engine of physical scene understanding},
  author={Battaglia, Peter W and Hamrick, Jessica B and Tenenbaum, Joshua B},
  journal={Proceedings of the National Academy of Sciences},
  volume={110},
  number={45},
  pages={18327--18332},
  year={2013},
  publisher={National Academy of Sciences}
}