@article{freedman2007methods,
  title={Methods for Census 2000 and statistical adjustments},
  author={Freedman, David A and Wachter, Kenneth W},
  journal={The SAGE Handbook of Social Science Methodology. London: Sage},
  pages={232--45},
  year={2007}
}