@inproceedings{salakhutdinov2009deep,
  title={Deep boltzmann machines},
  author={Salakhutdinov, Ruslan and Hinton, Geoffrey},
  booktitle={Artificial intelligence and statistics},
  pages={448--455},
  year={2009},
  organization={PMLR}
}