@article{barrett2017self,
  title={Self-assembling games},
  author={Barrett, Jeffrey A and Skyrms, Brian},
  journal={The British Journal for the Philosophy of Science},
  year={2017},
  publisher={The University of Chicago Press}
}