@article{teh2004sharing,
  title={Sharing clusters among related groups: Hierarchical Dirichlet processes},
  author={Teh, Yee and Jordan, Michael and Beal, Matthew and Blei, David},
  journal={Advances in neural information processing systems},
  volume={17},
  year={2004}
}