@inproceedings{salakhutdinov2009deep,
  title={Deep boltzmann machines},
  author={Salakhutdinov, Ruslan and Hinton, Geoffrey},
  booktitle={Artificial intelligence and statistics},
  pages={448--455},
  year={2009},
  organization={PMLR}
}

@article{salakhutdinov2008learning,
  title={Learning and evaluating Boltzmann machines},
  author={Salakhutdinov, Ruslan},
  journal={Utml Tr},
  volume={2},
  pages={21},
  year={2008}
}