@article{nowak2002computational,
  title={Computational and evolutionary aspects of language},
  author={Nowak, Martin A and Komarova, Natalia L and Niyogi, Partha},
  journal={Nature},
  volume={417},
  number={6889},
  pages={611--617},
  year={2002},
  publisher={Nature Publishing Group UK London}
}