@inproceedings{lake2011one,
  title={One shot learning of simple visual concepts},
  author={Lake, Brenden and Salakhutdinov, Ruslan and Gross, Jason and Tenenbaum, Joshua},
  booktitle={Proceedings of the annual meeting of the cognitive science society},
  volume={33},
  number={33},
  year={2011}
}