@misc{huang2020convolutionalnetworksdenseconnectivity,
      title={Convolutional Networks with Dense Connectivity}, 
      author={Gao Huang and Zhuang Liu and Geoff Pleiss and Laurens van der Maaten and Kilian Q. Weinberger},
      year={2020},
      eprint={2001.02394},
      archivePrefix={arXiv},
      primaryClass={cs.LG},
      url={https://arxiv.org/abs/2001.02394}, 
}