@misc{citation,
      title={Q*: Improving Multi-step Reasoning for LLMs with Deliberative Planning}, 
      author={Chaojie Wang and Yanchen Deng and Zhiyi Lyu and Liang Zeng and Jujie He and Shuicheng Yan and Bo An},
      year={2024},
      eprint={2406.14283},
      archivePrefix={arXiv},
      primaryClass={cs.AI},
      url={https://arxiv.org/abs/2406.14283}, 
}

@article{sutton1988learning,
  title={Learning to predict by the methods of temporal differences},
  author={Sutton, Richard S},
  journal={Machine learning},
  volume={3},
  pages={9--44},
  year={1988},
  publisher={Springer}
}