@misc{goyal2018accuratelargeminibatchsgd,
      title={Accurate, Large Minibatch SGD: Training ImageNet in 1 Hour}, 
      author={Priya Goyal and Piotr Doll√°r and Ross Girshick and Pieter Noordhuis and Lukasz Wesolowski and Aapo Kyrola and Andrew Tulloch and Yangqing Jia and Kaiming He},
      year={2018},
      eprint={1706.02677},
      archivePrefix={arXiv},
      primaryClass={cs.CV},
      url={https://arxiv.org/abs/1706.02677}, 
}