@article{huttegger2010evolutionary,
  title={Evolutionary dynamics of Lewis signaling games: signaling systems vs. partial pooling},
  author={Huttegger, Simon M and Skyrms, Brian and Smead, Rory and Zollman, Kevin JS},
  journal={Synthese},
  volume={172},
  pages={177--191},
  year={2010},
  publisher={Springer}
}

@book{hofbauer1998evolutionary,
  title={Evolutionary games and population dynamics},
  author={Hofbauer, Josef and Sigmund, Karl},
  year={1998},
  publisher={Cambridge university press}
}