@article{freedman1991statistical,
  title={Statistical models and shoe leather},
  author={Freedman, David A},
  journal={Sociological methodology},
  pages={291--313},
  year={1991},
  publisher={JSTOR}
}