@article{battaglia2010bayesian,
  title={Bayesian perceptual inference in linear Gaussian models},
  author={Battaglia, Peter W},
  year={2010}
}