@online{navarro2022,
  author = {Navarro, Danielle},
  title = {Porting a Distill Blog to Quarto},
  date = {2022-04-20},
  url = {https://blog.djnavarro.net/posts/2022-04-20_porting-to-quarto},
  langid = {en},
  keywords = {quarto,blogging},
  
}

@online{hill2022,
  author = {Hill, Alison},
  title = {We don't talk about Quarto},
  date = {2022-04-04},
  url = {https://www.apreshill.com/blog/2022-04-we-dont-talk-about-quarto/},
  langid = {en},
  keywords = {quarto,blogging},
}

@online{kaye2022,
  author = {Kaye, Ella},
  title = {Welcome to My {Quarto} Website!},
  date = {2022-12-11},
  url = {https://ellakaye.co.uk/posts/2022-12-11_welcome-quarto},
  langid = {en},
  keywords = {quarto,blogging},
}

@online{rapp2022ultimate,
  author = {Albert Rapp},
  title = {The ultimate guide to starting a Quarto blog},
  date = {2022-06-24},
  url = {https://albert-rapp.de/posts/13_quarto_blog_writing_guide/13_quarto_blog_writing_guide.html},
  langid = {en},
  keywords = {quarto,blogging},
}