@misc{wang2024theoremllamatransforminggeneralpurposellms,
      title={TheoremLlama: Transforming General-Purpose LLMs into Lean4 Experts}, 
      author={Ruida Wang and Jipeng Zhang and Yizhen Jia and Rui Pan and Shizhe Diao and Renjie Pi and Tong Zhang},
      year={2024},
      eprint={2407.03203},
      archivePrefix={arXiv},
      primaryClass={cs.FL},
      url={https://arxiv.org/abs/2407.03203}, 
}