@inproceedings{jaques2019social,
  title={Social influence as intrinsic motivation for multi-agent deep reinforcement learning},
  author={Jaques, Natasha and Lazaridou, Angeliki and Hughes, Edward and Gulcehre, Caglar and Ortega, Pedro and Strouse, DJ and Leibo, Joel Z and De Freitas, Nando},
  booktitle={International conference on machine learning},
  pages={3040--3049},
  year={2019},
  organization={PMLR}
}