@article{machado2023temporal,
  title={Temporal abstraction in reinforcement learning with the successor representation},
  author={Machado, Marlos C and Barreto, Andre and Precup, Doina and Bowling, Michael},
  journal={Journal of Machine Learning Research},
  volume={24},
  number={80},
  pages={1--69},
  year={2023}
}

@article{sutton1988learning,
  title={Learning to predict by the methods of temporal differences},
  author={Sutton, Richard S},
  journal={Machine learning},
  volume={3},
  pages={9--44},
  year={1988},
  publisher={Springer}
}