@article{huttegger2014some,
  title={Some dynamics of signaling games},
  author={Huttegger, Simon and Skyrms, Brian and Tarres, Pierre and Wagner, Elliott},
  journal={Proceedings of the National Academy of Sciences},
  volume={111},
  number={supplement\_3},
  pages={10873--10880},
  year={2014},
  publisher={National Academy of Sciences}
}