@misc{han2015learningboth,
      title={Learning both Weights and Connections for Efficient Neural Networks}, 
      author={Song Han and Jeff Pool and John Tran and William J. Dally},
      year={2015},
      eprint={1506.02626},
      archivePrefix={arXiv},
      primaryClass={cs.NE},
      url={https://arxiv.org/abs/1506.02626}, 
}