
@misc{han2016deepcompression,
      title={Deep Compression: Compressing Deep Neural Networks with Pruning, Trained Quantization and Huffman Coding}, 
      author={Song Han and Huizi Mao and William J. Dally},
      year={2016},
      eprint={1510.00149},
      archivePrefix={arXiv},
      primaryClass={cs.CV},
      url={https://arxiv.org/abs/1510.00149}, 
}