@book{wasserman2004all,
  title={All of Statistics: A Concise Course in Statistical Inference},
  author={Wasserman, L.},
  isbn={9780387402727},
  lccn={2003062209},
  series={Springer Texts in Statistics},
  url={https://books.google.co.il/books?id=th3fbFI1DaMC},
  year={2004},
  publisher={Springer}
}
