@article{griffiths2008primer,
  title={A primer on probabilistic inference},
  author={Griffiths, Thomas and Yuille, Alan},
  journal={The probabilistic mind: Prospects for Bayesian cognitive science},
  pages={33--57},
  year={2008},
  publisher={Oxford University Press Oxford}
}