@misc{wei2025flexoraflexiblelowrank,
      title={Flexora: Flexible Low Rank Adaptation for Large Language Models}, 
      author={Chenxing Wei and Yao Shu and Ying Tiffany He and Fei Richard Yu},
      year={2025},
      eprint={2408.10774},
      archivePrefix={arXiv},
      primaryClass={cs.AI},
      url={https://arxiv.org/abs/2408.10774}, 
}