@inproceedings{baker2007goal,
  title={Goal inference as inverse planning},
  author={Baker, Chris L and Tenenbaum, Joshua B and Saxe, Rebecca R},
  booktitle={Proceedings of the annual meeting of the cognitive science society},
  volume={29},
  number={29},
  year={2007}
}