@book{harte2001multifractals,
  title={Multifractals: Theory and Applications},
  author={Harte, D.},
  isbn={9781420036008},
  lccn={2001028886},
  url={https://www.routledge.com/Multifractals-Theory-and-Applications/Harte/p/book/9780367455200},
  year={2001},
  publisher={CRC Press}
}

@book{mandelbrot2010mis,
  title={The (Mis)Behaviour of Markets: A Fractal View of Risk, Ruin and Reward},
  author={Mandelbrot, B.B. and Hudson, R.L.},
  isbn={9781847651556},
  url={https://books.google.co.il/books?id=zg91TAIs6bgC},
  year={2010},
  publisher={Profile}
}

@article{mandelbrot2001Scaling1,
author = {B.B. Mandelbrot},
title = {Scaling in financial prices: I. Tails and dependence},
journal = {Quantitative Finance},
volume = {1},
number = {1},
pages = {113--123},
year = {2001},
publisher = {Routledge},
doi = {10.1080/713665539},
URL = {https://doi.org/10.1080/713665539}
}


@article{mandelbrot2001Scaling2,
author = {B.B. Mandelbrot},
title = {Scaling in financial prices: II. Multifractals and the star equation},
journal = {Quantitative Finance},
volume = {1},
number = {1},
pages = {124--130},
year = {2001},
publisher = {Routledge},
doi = {10.1080/713665540},
URL = {https://doi.org/10.1080/713665540}
}



@article{mandelbrot2001Scaling3,
author = {B.B. Mandelbrot},
title = {Scaling in financial prices: III. Cartoon Brownian motions in multifractal time},
journal = {Quantitative Finance},
volume = {1},
number = {4},
pages = {427--440},
year = {2001},
publisher = {Routledge},
doi = {10.1080/713665836},
URL = {https://doi.org/10.1080/713665836}
}

@article{mandelbrot2001Scaling4,
author = {B.B. Mandelbrot},
title = {Scaling in financial prices: IV. Multifractal concentration},
journal = {Quantitative Finance},
volume = {1},
number = {6},
pages = {641--649},
year = {2001},
publisher = {Routledge},
doi = {10.1088/1469-7688/1/6/306},
URL = { https://doi.org/10.1088/1469-7688/1/6/306}
}

@book{l√©vy1925calcul,
  title={Calcul des probabilit{\'e}s},
  author={L{\'e}vy, P.},
  lccn={28020875},
  series={PCMI collection},
  url={https://books.google.co.il/books?id=8_FLAAAAMAAJ},
  year={1925},
  publisher={Gauthier-Villars}
}

@book{pareto1896cours,
  title={Cours d'Economie Politique Professe a l'Universite de Lausanne},
  author={Pareto, V.},
  number={v. 1},
  isbn={9780608373911},
  lccn={10000049},
  url={https://books.google.co.il/books?id=KjnhnQAACAAJ},
  year={1896},
  publisher={F. Rouge}
}