@inproceedings{kottur2017natural,
    title = "Natural Language Does Not Emerge {`}Naturally{'} in Multi-Agent Dialog",
    author = "Kottur, Satwik  and
      Moura, Jos{\'e}  and
      Lee, Stefan  and
      Batra, Dhruv",
    booktitle = "Proceedings of the 2017 Conference on Empirical Methods in Natural Language Processing",
    month = Sep,
    year = "2017",
    address = "Copenhagen, Denmark",
    publisher = "Association for Computational Linguistics",
    url = "https://www.aclweb.org/anthology/D17-1321",
    doi = "10.18653/v1/D17-1321",
    pages = "2962--2967",
}