@article{srivastava2015training,
  title={Training very deep networks},
  author={Srivastava, Rupesh K and Greff, Klaus and Schmidhuber, J{\"u}rgen},
  journal={Advances in neural information processing systems},
  volume={28},
  year={2015}
}