@book{keresztes1995practical,
  title={A practical Hungarian grammar},
  author={Keresztes, L.},
  url={https://books.google.co.il/books?id=O3SInQAACAAJ},
  year={1995},
  publisher={Debreceni nyari egyetem},
  keywords={Hungarian language--Grammar}
}

@book{máté2001igéző,
  title={Ig{\'e}z{\H{o}}: igek{\"o}t{\H{o}}s ig{\'e}k gyakorl{\'o}k{\"o}nyve},
  author={M{\'a}t{\'e}, J. and Hlavacska, E. and S{\'a}ndor, M. and Cs{\'a}tth, A.},
  url={https://books.google.co.il/books?id=hWEBzgEACAAJ},
  year={2001},
  publisher={Debreceni Ny{\'a}ri Egyetem},
  keywords={Hungarian language--Grammar}
}

@book{rounds2013hungarian,
  title={Hungarian: An Essential Grammar},
  author={Rounds, C.H.},
  isbn={9781134589364},
  series={Routledge Essential Grammars},
  url={https://books.google.co.il/books?id=cQ5EaoGJwhsC},
  year={2013},
  publisher={Taylor \& Francis},
  keywords={Hungarian language--Grammar}
}

@book{pontifex1993hungarian,
  title={Hungarian: A Complete Course for Beginners},
  author={Pontifex, Z.},
  isbn={9780340562864},
  lccn={gb94007165},
  series={Teach yourself books},
  url={https://books.google.co.il/books?id=dCrvAQAACAAJ},
  year={1993},
  publisher={Hodder \& Stoughton},
  keywords={Hungarian language--Grammar}
}

@book{pontifex2011complete,
  title={Complete Hungarian Beginner to Intermediate Book and Audio Course: Learn to read, write, speak and understand a new language with Teach Yourself},
  author={Pontifex, Z.},
  isbn={9781444134353},
  series={Complete Languages},
  url={https://books.google.co.il/books?id=SrYuFsszTKYC},
  year={2011},
  publisher={John Murray Press}
}

@book{rounds2015colloquial,
  title={Colloquial Hungarian: The Complete Course for Beginners},
  author={Rounds, C. and Solyom, E.},
  isbn={9781317306252},
  series={Colloquial Series},
  url={https://books.google.co.il/books?id=dLtgCgAAQBAJ},
  year={2015},
  publisher={Taylor \& Francis}
}