@misc{zhou2024transfusionpredicttokendiffuse,
      title={Transfusion: Predict the Next Token and Diffuse Images with One Multi-Modal Model}, 
      author={Chunting Zhou and Lili Yu and Arun Babu and Kushal Tirumala and Michihiro Yasunaga and Leonid Shamis and Jacob Kahn and Xuezhe Ma and Luke Zettlemoyer and Omer Levy},
      year={2024},
      eprint={2408.11039},
      archivePrefix={arXiv},
      primaryClass={cs.AI},
      url={https://arxiv.org/abs/2408.11039}, 
}