@book{corbett1999classical,
  IDS = {CRMS},
  title = {Classical Rhetoric for the Modern Student},
  author = {Edward P. J. Corbett and Robert J. Connors},
  edition = {4th},
  publisher = {Oxford University Press},
  year = {1999},
  isbn = {0195115422}
}

@book{engell1999committed,
  title={The Committed Word: Literature and Public Values},
  author={Engell, James},
  year={1999},
  publisher={Penn State Press},
  address={University Park}
}

@book{torricelli2000in,
  IDS = {IOOW},
  title={In Our Own Words: Extraordinary Speeches of the American Century},
  author={Torricelli, Robert G. and Carroll, Andrew},
  year={2000},
  publisher={Simon and Schuster}
}

@book{letteri2002handbook,
  title={A Handbook of Public Speaking},
  author={Letteri, Richard},
  year={2002},
  publisher={Allyn and Bacon}
}

@book{lucas2002art,
  IDS = {APS},
  author = {Lucas, Stephen E.},
  title = {The Art of Public Speaking},
  edition = {11th},
  publisher = {McGraw-Hill},
  year = {2011},
  isbn = {978-0077778019}
}


@book{sparkcharts,
  title = {SparkCharts: English Composition and Rhetoric},
  author = {SparkNotes},
  year = {2004},
  publisher = {Spark Publishing},
  note = {Laminated pamphlet on rhetorical terms and compositional techniques},
  url = {https://www.amazon.co.uk/English-Composition-Rhetoric-Sparkcharts-Sparknotes/dp/1411470265}
}


@book{farrell1993norms,
  IDS={Norms},
  title={Norms of Rhetorical Culture},
  author={Farrell, T.B.},
  isbn={9780300065022},
  lccn={93016229},
  url={https://books.google.co.il/books?id=AkJEiCdIimgC},
  year={1993},
  publisher={Yale University Press}
}
