@article{hinton2012better,
  title={A better way to pretrain deep boltzmann machines},
  author={Hinton, Geoffrey E and Salakhutdinov, Russ R},
  journal={Advances in Neural Information Processing Systems},
  volume={25},
  year={2012}
}