@article{beal2001infinite,
  title={The infinite hidden Markov model},
  author={Beal, Matthew and Ghahramani, Zoubin and Rasmussen, Carl},
  journal={Advances in neural information processing systems},
  volume={14},
  year={2001}
}