@misc{xie2017aggregatedresidualtransformationsdeep,
      title={Aggregated Residual Transformations for Deep Neural Networks}, 
      author={Saining Xie and Ross Girshick and Piotr Doll√°r and Zhuowen Tu and Kaiming He},
      year={2017},
      eprint={1611.05431},
      archivePrefix={arXiv},
      primaryClass={cs.CV},
      url={https://arxiv.org/abs/1611.05431}, 
}