@article{freedman2008types,
  title={On types of scientific enquiry: the role of qualitative reasoning},
  author={Freedman, David A},
  year={2008}
}