@article{DBLP:journals/corr/HeZR015,
  author       = {Kaiming He and
                  Xiangyu Zhang and
                  Shaoqing Ren and
                  Jian Sun},
  title        = {Delving Deep into Rectifiers: Surpassing Human-Level Performance on
                  ImageNet Classification},
  journal      = {CoRR},
  volume       = {abs/1502.01852},
  year         = {2015},
  url          = {http://arxiv.org/abs/1502.01852},
  eprinttype    = {arXiv},
  eprint       = {1502.01852},
  timestamp    = {Wed, 25 Jan 2023 11:01:16 +0100},
  biburl       = {https://dblp.org/rec/journals/corr/HeZR015.bib},
  bibsource    = {dblp computer science bibliography, https://dblp.org}
}
