@misc{liu2022convnet2020s,
      title={A ConvNet for the 2020s}, 
      author={Zhuang Liu and Hanzi Mao and Chao-Yuan Wu and Christoph Feichtenhofer and Trevor Darrell and Saining Xie},
      year={2022},
      eprint={2201.03545},
      archivePrefix={arXiv},
      primaryClass={cs.CV},
      url={https://arxiv.org/abs/2201.03545}, 
}