@article{Arora2015A-Latent,
  author       = {Sanjeev Arora and
                  Yuanzhi Li and
                  Yingyu Liang and
                  Tengyu Ma and
                  Andrej Risteski},
  title        = {Random Walks on Context Spaces: Towards an Explanation of the Mysteries
                  of Semantic Word Embeddings},
  journal      = {CoRR},
  volume       = {abs/1502.03520},
  year         = {2015},
  url          = {http://arxiv.org/abs/1502.03520},
  eprinttype    = {arXiv},
  eprint       = {1502.03520},
  timestamp    = {Sun, 08 Aug 2021 16:40:51 +0200},
  biburl       = {https://dblp.org/rec/journals/corr/AroraLLMR15.bib},
  bibsource    = {dblp computer science bibliography, https://dblp.org}
}