@article{leibo2017multi,
  title={Multi-agent reinforcement learning in sequential social dilemmas},
  author={Leibo, Joel Z and Zambaldi, Vinicius and Lanctot, Marc and Marecki, Janusz and Graepel, Thore},
  journal={arXiv preprint arXiv:1702.03037},
  year={2017}
}

@book{axelrod2009evolution,
  title={The Evolution of Cooperation: Revised Edition},
  author={Axelrod, R.},
  isbn={9780786734887},
  lccn={2008297795},
  url={https://books.google.co.il/books?id=SwU4DgAAQBAJ},
  year={2009},
  publisher={Basic Books}
}

@book{axelrod1997complexity,
  title={The Complexity of Cooperation: Agent-based Models of Competition and Collaboration},
  author={Axelrod, R.},
  isbn={9780691015675},
  lccn={19970011},
  series={Princeton Studies in Complexity},
  url={https://books.google.co.il/books?id=J0dgRGMdjmQC},
  year={1997},
  publisher={Princeton University Press}
}

@article{nowak2004emergence,
  title={Emergence of cooperation and evolutionary stability in finite populations},
  author={Nowak, Martin A and Sasaki, Akira and Taylor, Christine and Fudenberg, Drew},
  journal={Nature},
  volume={428},
  number={6983},
  pages={646--650},
  year={2004},
  publisher={Nature Publishing Group UK London}
}


Martin A Nowak and Karl Sigmund. Tit for tat in
heterogeneous populations. Nature,
355(6357):250–253, 1992.

Martin Nowak, Karl Sigmund, et al. A strategy of
win-stay, lose-shift that outperforms tit-for-tat in the
prisoner’s dilemma game. Nature, 364(6432):56–58,
1993.

Martin A Nowak and Karl Sigmund. Evolution of
indirect reciprocity by image scoring. Nature,
393(6685):573–577, 1998.

Robert Axelrod. An evolutionary approach to norms.
American political science review, 80(04):1095–1111,
1986.