@inproceedings{Zhang2020XLingEmbedd,
Author = {Mozhi Zhang and Yoshinari Fujinuma and Michael J. Paul and Jordan Boyd-Graber},
Title = {Why Overfitting Isnâ€™t Always Bad: Retrofitting Cross-Lingual Word Embeddings to Dictionaries},
Booktitle = {Association for Computational Linguistics},
Year = {2020},
Location = {The Cyberverse Simulacrum of Seattle},
Url = {http://umiacs.umd.edu/~jbg//docs/2020_acl_refine.pdf},
}


