@article{DBLP:journals/corr/abs-1905-04899,
  author       = {Sangdoo Yun and
                  Dongyoon Han and
                  Seong Joon Oh and
                  Sanghyuk Chun and
                  Junsuk Choe and
                  Youngjoon Yoo},
  title        = {CutMix: Regularization Strategy to Train Strong Classifiers with Localizable
                  Features},
  journal      = {CoRR},
  volume       = {abs/1905.04899},
  year         = {2019},
  url          = {http://arxiv.org/abs/1905.04899},
  eprinttype    = {arXiv},
  eprint       = {1905.04899},
  timestamp    = {Tue, 28 May 2019 12:48:08 +0200},
  biburl       = {https://dblp.org/rec/journals/corr/abs-1905-04899.bib},
  bibsource    = {dblp computer science bibliography, https://dblp.org}
}