@misc{cireşan2012multicolumndeepneuralnetworks,
      title={Multi-column Deep Neural Networks for Image Classification}, 
      author={Dan Cireşan and Ueli Meier and Juergen Schmidhuber},
      year={2012},
      eprint={1202.2745},
      archivePrefix={arXiv},
      primaryClass={cs.CV},
      url={https://arxiv.org/abs/1202.2745}, 
}