@book{page2019diversity,
  title={The Diversity Bonus: How Great Teams Pay Off in the Knowledge Economy},
  author={Page, S.E. and Cantor, N. and Phillips, K.},
  isbn={9780691193823},
  series={Our Compelling Interests},
  url={https://books.google.co.il/books?id=FX1xDwAAQBAJ},
  year={2019},
  publisher={Princeton University Press}
}