
@article{Tatsukawa2024Fontclip,
   title={FontCLIP: A Semantic Typography Visual‐Language Model for Multilingual Font Applications},
   volume={43},
   ISSN={1467-8659},
   url={http://dx.doi.org/10.1111/cgf.15043},
   DOI={10.1111/cgf.15043},
   number={2},
   journal={Computer Graphics Forum},
   publisher={Wiley},
   author={Tatsukawa, Yuki and Shen, I‐Chao and Qi, Anran and Koyama, Yuki and Igarashi, Takeo and Shamir, Ariel},
   year={2024},
   month=apr }
