@article{nowak1999evolution,
  title={The evolution of language},
  author={Nowak, Martin A and Krakauer, David C},
  journal={Proceedings of the National Academy of Sciences},
  volume={96},
  number={14},
  pages={8028--8033},
  year={1999},
  publisher={National Acad Sciences}
}