@article{tenenbaum2006theory,
  title={Theory-based Bayesian models of inductive learning and reasoning},
  author={Tenenbaum, Joshua B and Griffiths, Thomas L and Kemp, Charles},
  journal={Trends in cognitive sciences},
  volume={10},
  number={7},
  pages={309--318},
  year={2006},
  publisher={Elsevier}
}