@misc{simonyan2015deepconvolutionalnetworkslargescale,
      title={Very Deep Convolutional Networks for Large-Scale Image Recognition}, 
      author={Karen Simonyan and Andrew Zisserman},
      year={2015},
      eprint={1409.1556},
      archivePrefix={arXiv},
      primaryClass={cs.CV},
      url={https://arxiv.org/abs/1409.1556}, 
}

@misc{meme2013captainobvious,
	title = {{Captain Obvious by stuartmcghee on DeviantArt}},
	year = {2024},
	month = sep,
	note = {[Online; accessed 15. Sep. 2013]},
	url = {https://www.deviantart.com/stuartmcghee/art/Captain-Obvious-339839060}
}

@misc{BibEntry2024Sep,
	title = {{Very-Deep-Convolutional-Networks-for-Large-Scale-Image-Recognition}},
      author = {Prabhu Appalapuri},
      publisher = {GitHub},
	year = {2016},
	month = sep,
	note = {[Online; accessed 15. Sep. 2024]},
	howpublished = {\url{https://github.com/Prabhu204/Very-Deep-Convolutional-Networks-for-Large-Scale-Image-Recognition}},
      commit = {c8824b25ba0813a0b221ae69d965bf24e9f7d939}

}

@article{DBLP:journals/corr/GoyalDGNWKTJH17,
  author       = {Priya Goyal and
                  Piotr Doll{\'{a}}r and
                  Ross B. Girshick and
                  Pieter Noordhuis and
                  Lukasz Wesolowski and
                  Aapo Kyrola and
                  Andrew Tulloch and
                  Yangqing Jia and
                  Kaiming He},
  title        = {Accurate, Large Minibatch {SGD:} Training ImageNet in 1 Hour},
  journal      = {CoRR},
  volume       = {abs/1706.02677},
  year         = {2017},
  url          = {http://arxiv.org/abs/1706.02677},
  eprinttype    = {arXiv},
  eprint       = {1706.02677},
  timestamp    = {Mon, 13 Aug 2018 16:49:10 +0200},
  biburl       = {https://dblp.org/rec/journals/corr/GoyalDGNWKTJH17.bib},
  bibsource    = {dblp computer science bibliography, https://dblp.org}
}


@misc{chollet2015keras,
  title={Keras},
  author={Chollet, Fran\c{c}ois and others},
  year={2015},
  howpublished={\url{https://keras.io}},
}

