@misc{verma2022counterfactualexplanationsalgorithmicrecourses,
      title={Counterfactual Explanations and Algorithmic Recourses for Machine Learning: A Review}, 
      author={Sahil Verma and Varich Boonsanong and Minh Hoang and Keegan E. Hines and John P. Dickerson and Chirag Shah},
      year={2022},
      eprint={2010.10596},
      archivePrefix={arXiv},
      primaryClass={cs.LG},
      url={https://arxiv.org/abs/2010.10596}, 
}