@inproceedings{salakhutdinov2010learning,
  title={Learning deep Boltzmann machines using adaptive MCMC},
  author={Salakhutdinov, Ruslan},
  booktitle={Proceedings of the 27th International Conference on Machine Learning (ICML-10)},
  pages={943--950},
  year={2010}
}