
@incollection{nowlan2018simplifying,
  title={Simplifying neural networks by soft weight sharing},
  author={Nowlan, Steven J and Hinton, Geoffrey E},
  booktitle={The mathematics of generalization},
  pages={373--394},
  year={2018},
  publisher={CRC Press}
}

@article{mozer1988skeletonization,
  title={Skeletonization: A technique for trimming the fat from a network via relevance assessment},
  author={Mozer, Michael C and Smolensky, Paul},
  journal={Advances in neural information processing systems},
  volume={1},
  year={1988}
}

