@article{smith2000costly,
  title={Costly signaling and cooperation},
  author={Smith, Eric and Bowles, Samuel and Gintis, Herbert},
  journal={Santa Fe WP},
  year={2000},
  publisher={Citeseer}
}