
@article{Barrett01122009,
author = {Jeffrey Barrett and Kevin J.S. Zollman},
title = {The role of forgetting in the evolution and learning of language},
journal = {Journal of Experimental \& Theoretical Artificial Intelligence},
volume = {21},
number = {4},
pages = {293--309},
year = {2009},
publisher = {Taylor \& Francis},
doi = {10.1080/09528130902823656},
URL = { https://doi.org/10.1080/09528130902823656 },
eprint = { https://doi.org/10.1080/09528130902823656 }
}

