@book{rubin1963equivalents,
  title={Equivalents of the Axiom of Choice},
  author={Rubin, H. and Rubin, J.E.},
  isbn={9780444533999},
  series={Studies in logic and the foundations of mathematics},
  url={https://books.google.co.il/books?id=pToedF7dZ7sC},
  year={1963},
  publisher={North-Holland Publishing Company}
}

@book{rubin1985equivalents,
  title={Equivalents of the Axiom of Choice, II},
  author={Rubin, H. and Rubin, J.E.},
  isbn={9780080887654},
  series={Studies in Logic and the Foundations of Mathematics},
  url={https://books.google.co.il/books?id=LSsbBU9FesQC},
  year={1985},
  publisher={North Holland}
}