@book{wasserman2006all,
  title={All of Nonparametric Statistics},
  author={Wasserman, L.},
  isbn={9780387306230},
  lccn={2005925603},
  series={Springer Texts in Statistics},
  url={https://books.google.co.il/books?id=MRFlzQfRg7UC},
  year={2006},
  publisher={Springer New York}
}
