@inproceedings{salakhutdinov2011learning,
  title={Learning to share visual appearance for multiclass object detection},
  author={Salakhutdinov, Ruslan and Torralba, Antonio and Tenenbaum, Josh},
  booktitle={CVPR 2011},
  pages={1481--1488},
  year={2011},
  organization={IEEE}
}