@article{mozer1988skeletonization,
  title={Skeletonization: A technique for trimming the fat from a network via relevance assessment},
  author={Mozer, Michael C and Smolensky, Paul},
  journal={Advances in neural information processing systems},
  volume={1},
  year={1988}
}

