@book{angrist2008mostly,
  title={Mostly Harmless Econometrics: An Empiricist's Companion},
  author={Angrist, J.D. and Pischke, J.S.},
  isbn={9781400829828},
  lccn={2008027917},
  url={https://books.google.co.il/books?id=ztXL21Xd8v8C},
  year={2008},
  publisher={Princeton University Press}
}