@article{Barrett2009EvolutionOfCoding,
	author = {Jeffrey A. Barrett},
	doi = {10.1007/s11238-007-9064-0},
	journal = {Theory and Decision},
	number = {2},
	pages = {223--237},
	publisher = {Springer},
	title = {The Evolution of Coding in Signaling Games},
	volume = {67},
	year = {2009}
}

@article{Herrnstein1961Reinforcement,
author = {Herrnstein, R. J.},
title = {RELATIVE AND ABSOLUTE STRENGTH OF RESPONSE AS A FUNCTION OF FREQUENCY OF REINFORCEMENT},
journal = {Journal of the Experimental Analysis of Behavior},
volume = {4},
number = {3},
pages = {267-272},
doi = {https://doi.org/10.1901/jeab.1961.4-267},
url = {https://onlinelibrary.wiley.com/doi/abs/10.1901/jeab.1961.4-267},
eprint = {https://onlinelibrary.wiley.com/doi/pdf/10.1901/jeab.1961.4-267},
year = {1961}
}

@article{Thorndike1927LawOfEffect,
 ISSN = {00029556},
 URL = {http://www.jstor.org/stable/1415413},
 author = {Edward L. Thorndike},
 journal = {The American Journal of Psychology},
 number = {1/4},
 pages = {212--222},
 publisher = {University of Illinois Press},
 title = {The Law of Effect},
 urldate = {2024-10-21},
 volume = {39},
 year = {1927}
}

@book{dawkins1986the-blind-watch,
  added-at = {2009-04-07T11:01:54.000+0200},
  author = {Dawkins, R},
  biburl = {https://www.bibsonomy.org/bibtex/2befa8c53ff4eb99ea0b905bae5322929/selmarsmit},
  date-modified = {2008-09-19 14:47:06 +0200},
  description = {Books},
  interhash = {abd13d91ef5b9f6323ee64483b2f5dd8},
  intrahash = {befa8c53ff4eb99ea0b905bae5322929},
  keywords = {imported},
  publisher = {Longman Scientific and Technical},
  timestamp = {2009-04-07T11:01:55.000+0200},
  title = {The Blind Watchmaker},
  year = 1986
}
