@article{Zollman_2005, title={Talking to Neighbors: The Evolution of Regional Meaning}, volume={72}, DOI={10.1086/428390}, number={1}, journal={Philosophy of Science}, author={Zollman, Kevin J. S.}, year={2005}, pages={69â€“85}} <div></div>