@article{arora2015latent,
  author       = {Sanjeev Arora and
                  Yuanzhi Li and
                  Yingyu Liang and
                  Tengyu Ma and
                  Andrej Risteski},
  title        = {Random Walks on Context Spaces: Towards an Explanation of the Mysteries
                  of Semantic Word Embeddings},
  journal      = {CoRR},
  volume       = {abs/1502.03520},
  year         = {2015},
  url          = {http://arxiv.org/abs/1502.03520},
  eprinttype    = {arXiv},
  eprint       = {1502.03520},
  timestamp    = {Sun, 08 Aug 2021 16:40:51 +0200},
  biburl       = {https://dblp.org/rec/journals/corr/AroraLLMR15.bib},
  bibsource    = {dblp computer science bibliography, https://dblp.org}
}

@misc{arora2018linearalgebraicstructureword,
      title={Linear Algebraic Structure of Word Senses, with Applications to Polysemy}, 
      author={Sanjeev Arora and Yuanzhi Li and Yingyu Liang and Tengyu Ma and Andrej Risteski},
      year={2018},
      eprint={1601.03764},
      archivePrefix={arXiv},
      primaryClass={cs.CL},
      url={https://arxiv.org/abs/1601.03764}, 
}