@article{article,
author = {Teh, Yee and Jordan, Michael and Beal, Matthew and Blei, David},
year = {2006},
month = {12},
pages = {1-30},
title = {Hierarchical Dirichlet Processes},
journal = {Machine Learning},
doi = {10.1198/016214506000000302}
}