@book{Schank1977,
  added-at = {2010-01-18T12:17:53.000+0100},
  author = {Schank, R.C. and Abelson, R.},
  biburl = {https://www.bibsonomy.org/bibtex/270c5d29ef9c7f03a4e8b164cf5bbd405/evabl444},
  description = {My thesis references},
  interhash = {c31e51bb6b5dc5cc8897a84adc0580cb},
  intrahash = {70c5d29ef9c7f03a4e8b164cf5bbd405},
  keywords = {imported},
  owner = {blev},
  publisher = {Hillsdale, NJ: Earlbaum Assoc},
  timestamp = {2010-01-18T12:17:57.000+0100},
  title = {Scripts, Plans, Goals, and Understanding},
  year = 1977
}

