@misc{trask2015sense2vecfastaccurate,
      title={sense2vec - A Fast and Accurate Method for Word Sense Disambiguation In Neural Word Embeddings}, 
      author={Andrew Trask and Phil Michalak and John Liu},
      year={2015},
      eprint={1511.06388},
      archivePrefix={arXiv},
      primaryClass={cs.CL},
      url={https://arxiv.org/abs/1511.06388}, 
}