@misc{srivastava2015highwaynetworks,
      title={Highway Networks}, 
      author={Rupesh Kumar Srivastava and Klaus Greff and JÃ¼rgen Schmidhuber},
      year={2015},
      eprint={1505.00387},
      archivePrefix={arXiv},
      primaryClass={cs.LG},
      url={https://arxiv.org/abs/1505.00387}, 
}