@inproceedings{capdepuy2007maximization,
  title={Maximization of potential information flow as a universal utility for collective behaviour},
  author={Capdepuy, Philippe and Polani, Daniel and Nehaniv, Chrystopher L},
  booktitle={2007 IEEE Symposium on Artificial Life},
  pages={207--213},
  year={2007},
  organization={Ieee}
}