
$article{mcculloch43a,
  added-at = {2008-02-26T11:58:58.000+0100},
  author = {Mcculloch, Warren and Pitts, Walter},
  biburl = {https://www.bibsonomy.org/bibtex/26fbacb0ae04bc17d296d9265dfc90dff/schaul},
  citeulike-article-id = {2380493},
  description = {idsia},
  interhash = {3e8e0d06f376f3eb95af89d5a2f15957},
  intrahash = {6fbacb0ae04bc17d296d9265dfc90dff},
  journal = {Bulletin of Mathematical Biophysics},
  keywords = {evolutionary},
  pages = {127--147},
  priority = {2},
  timestamp = {2008-02-26T12:00:58.000+0100},
  title = {A Logical Calculus of Ideas Immanent in Nervous Activity},
  volume = 5,
  year = 1943
}


