@article{shy2014window,
  title={Window Shopping},
  author={Oz Shy},
  year={2014},
  doi={10.2139/ssrn.2374720}
}

