@article{bouchacourt2018agents,
  title={How agents see things: On visual representations in an emergent language game},
  author={Bouchacourt, Diane and Baroni, Marco},
  journal={arXiv preprint arXiv:1808.10696},
  year={2018}
}