@article{stark2003chance,
  title={What is the chance of an earthquake},
  author={Stark, Philip B and Freedman, David A and Mulargia, F and Geller, RJ},
  journal={NATO Science Series IV: Earth and Environmental Sciences},
  volume={32},
  pages={201--213},
  year={2003}
}